@misc{O.LSignal,
author = {Ole kiel Jensen and Ming Shen},
title = {EIT/ITC Signal Processing},
year = {2015},
howpublished = {Presentation},
note = {Slides located on CD},
}

@book{YDing,
author = {Yongwang Ding and Ramesh Harjani},
title = {High-Linearity CMOS RF Front-End Circuits},
date = {2006},
OPTeditor = {editor},                  %-------------------NOTES-------------------%  
OPTeditora = {editora},                %  The tag (here YDing) should be the       %
OPTeditorb = {editorb},                %  [1st letter of the authors 1st name] +   %
OPTeditorc = {editorc},                %  [his last name in camel case].           %
OPTtranslator = {translator},          %  With multiple authors (like here) only   %
OPTannotator = {annotator},            %  use the first one.                       %
OPTcommentator = {commentator},        %  (This is done in order to prevent the    %
OPTintroduction = {introduction},      %  same source appearing twice - should it  %
OPTforeword = {foreword},              %  happen, an error will be generated)      %
OPTafterword = {afterword},            %-------------------------------------------%
OPTsubtitle = {subtitle},              %  Using the auto generated entries         %
OPTtitleaddon = {titleaddon},          %  and filling in as much as possible       %
OPTmaintitle = {maintitle},            %  will make it easier to manage while      %   
OPTmainsubtitle = {mainsubtitle},      %  also avoiding a whole lot of errors.     %
OPTmaintitleaddon = {maintitleaddon},  %-------------------------------------------%
OPTlanguage = {language},              %  To compile the bibliography you need the %
OPToriglanguage = {origlanguage},      %  biber.exe file to be in your editors     %
OPTvolume = {volume},                  %  directory. In Windows 8/10 it might not  %
OPTpart = {part},                      %  let you do this, so you need to open     %
OPTedition = {edition},                %  command prompt with administrative       %---------------%
OPTvolumes = {volumes},                %  privileges and write something like:                     %
OPTseries = {series},                  %  C:\>move biber.exe "C:/Program Files (x86)/TeXstudio"    %
OPTnumber = {number},                  %  For mac setup should be relatively                       %
OPTnote = {note},                      %  straightforward, for more information    %---------------%
OPTpublisher = {publisher},            %  google: mac and biber.                   %
OPTlocation = {location},              %------------------------------------------ %
OPTisbn = {9780387238029},
OPTchapter = {chapter},
OPTpages = {pages},
OPTpagetotal = {pagetotal},
OPTaddendum = {addendum},
OPTpubstate = {pubstate},
OPTdoi = {doi},
OPTeprint = {eprint},
OPTeprintclass = {eprintclass},
OPTeprinttype = {eprinttype},
OPTurl = {url},
OPTurldate = {urldate},
}


%--------for cart-pendulum------------------------------------

%p. 254
@book{MWSpong,
  author = {Mark W. Spong and Seth Hutchinson and M. Vidyasagar},
  title = {Robot Dynamics and Control},
  date = {2005},
  OPTeditor = {editor},
  OPTeditora = {editora},
  OPTeditorb = {editorb},
  OPTeditorc = {editorc},
  OPTtranslator = {translator},
  OPTannotator = {annotator},
  OPTcommentator = {commentator},
  OPTintroduction = {introduction},
  OPTforeword = {foreword},
  OPTafterword = {afterword},
  OPTsubtitle = {subtitle},
  OPTtitleaddon = {titleaddon},
  OPTmaintitle = {maintitle},
  OPTmainsubtitle = {mainsubtitle},
  OPTmaintitleaddon = {maintitleaddon},
  OPTlanguage = {language},
  OPToriglanguage = {origlanguage},
  OPTvolume = {volume},
  OPTpart = {part},
  edition = {2},
  OPTvolumes = {volumes},
  OPTseries = {series},
  OPTnumber = {number},
  OPTnote = {note},
  publisher = {Wiley},
  OPTlocation = {location},
  OPTisbn = {isbn},
  OPTchapter = {chapter},
  OPTpages = {pages},
  OPTpagetotal = {pagetotal},
  OPTaddendum = {addendum},
  OPTpubstate = {pubstate},
  OPTdoi = {doi},
  OPTeprint = {eprint},
  OPTeprintclass = {eprintclass},
  OPTeprinttype = {eprinttype},
  OPTurl = {url},
  OPTurldate = {urldate},
}

%p 215
@book{LSciavicco,
  author = {Lorenzo Sciavicco and Bruno Siciliano},
  title = {Modelling and Control of Robot Manipulators},
  date = {2012},
  OPTeditor = {editor},
  OPTeditora = {editora},
  OPTeditorb = {editorb},
  OPTeditorc = {editorc},
  OPTtranslator = {translator},
  OPTannotator = {annotator},
  OPTcommentator = {commentator},
  OPTintroduction = {introduction},
  OPTforeword = {foreword},
  OPTafterword = {afterword},
  OPTsubtitle = {subtitle},
  OPTtitleaddon = {titleaddon},
  OPTmaintitle = {maintitle},
  OPTmainsubtitle = {mainsubtitle},
  OPTmaintitleaddon = {maintitleaddon},
  OPTlanguage = {language},
  OPToriglanguage = {origlanguage},
  OPTvolume = {volume},
  OPTpart = {part},
  edition = {2},
  OPTvolumes = {volumes},
  series = {Lorenzo Sciavicco and Bruno Siciliano},
  OPTnumber = {number},
  OPTnote = {note},
  publisher = {Springer},
  location = {London},
  OPTisbn = {isbn},
  OPTchapter = {chapter},
  OPTpages = {pages},
  OPTpagetotal = {pagetotal},
  OPTaddendum = {addendum},
  OPTpubstate = {pubstate},
  OPTdoi = {doi},
  OPTeprint = {eprint},
  OPTeprintclass = {eprintclass},
  OPTeprinttype = {eprinttype},
  OPTurl = {url},
  OPTurldate = {urldate},
}


%---------old-------------------------------------------------

% Articles %
@article{Miller,
	author 	= {Keith M. Miller},
	title 	= {A Review of GLONASS},
	journaltitle = {Hydrographic Journal},
	year 	= {2000},
}

@online{ArduinoIDE,
  editor  = {Arduino},
  title   = {Arduino IDE},
  year    = {October 2015},
  url     = {https://www.arduino.cc/en/Main/Software},
}

@online{Atmega,
  editor  = {Atmel},
  title   = {Atmega 2560 datasheet},
  year    = {2014},
  month   = {February},
  url     = {http://www.atmel.com/images/atmel-2549-8-bit-avr-microcontroller-atmega640-1280-1281-2560-2561_datasheet.pdf},
}